[gd_scene load_steps=6 format=2]

[ext_resource path="res://Scripts/Object.gd" type="Script" id=1]
[ext_resource path="res://Assets/Tileset/Tileset.png" type="Texture" id=2]
[ext_resource path="res://Assets/Tileset/TileSet_Nrm.png" type="Texture" id=3]

[sub_resource type="ConvexPolygonShape2D" id=1]
points = PoolVector2Array( -4.5, 0, 7.2, 0, 1.35, 4.05 )

[sub_resource type="OccluderPolygon2D" id=2]
polygon = PoolVector2Array( -15.66, 0, 21.06, 0, 15.3, 7.2, 1.8, 9, -9.9, 6.3 )

[node name="MediumTree" type="Node2D"]
script = ExtResource( 1 )
objectName = "TreeMedium"

[node name="Foreground" type="Sprite" parent="."]
light_mask = 6
z_index = 1
texture = ExtResource( 2 )
normal_map = ExtResource( 3 )
centered = false
offset = Vector2( -24, -80 )
hframes = 6
region_enabled = true
region_rect = Rect2( 32, 160, 288, 80 )

[node name="Background" type="Sprite" parent="."]
texture = ExtResource( 2 )
normal_map = ExtResource( 3 )
centered = false
offset = Vector2( -24, 0 )
hframes = 6
region_enabled = true
region_rect = Rect2( 32, 240, 288, 16 )

[node name="Shapes" type="Node2D" parent="."]

[node name="Collision" type="StaticBody2D" parent="Shapes"]

[node name="Shape" type="CollisionShape2D" parent="Shapes/Collision"]
shape = SubResource( 1 )

[node name="Occluder" type="LightOccluder2D" parent="Shapes"]
occluder = SubResource( 2 )

